@article{adams2002immersed,
	title={The immersed interface/multigrid methods for interface problems},
	author={Adams, Loyce and Li, Zhilin},
	journal={SIAM Journal on Scientific Computing},
	volume={24},
	number={2},
	pages={463--479},
	year={2002},
	publisher={SIAM}
}

@article{ahmed2008development,
	title={Development of the three-dimensional unconditionally stable LOD-FDTD method},
	author={Ahmed, Iftikhar and Chua, Eng-Kee and Li, Er-Ping and Chen, Zhizhang},
	journal={IEEE Transactions on antennas and propagation},
	volume={56},
	number={11},
	pages={3596--3600},
	year={2008},
	publisher={IEEE}
}

@article{fornberg1998classroom,
	title={Classroom note: Calculation of weights in finite difference formulas},
	author={Fornberg, Bengt},
	journal={SIAM review},
	volume={40},
	number={3},
	pages={685--691},
	year={1998},
	publisher={SIAM}
}

@article{geng2013,
	title={Fully implicit ADI schemes for solving the nonlinear Poisson-Boltzmann equation},
	author={Geng, Weihua. and Zhao, Shan},
	journal={Molecular Based Mathematical Biology},
	volume={1},
	number={},
	pages={109--123},
	year={2013},
}

@article{horton1995space,
	title={A space-time multigrid method for parabolic partial differential equations},
	author={Horton, G and Vandewalle, Stefan},
	journal={SIAM Journal on Scientific Computing},
	volume={16},
	number={4},
	pages={848--864},
	year={1995},
	publisher={SIAM}
}

@book{jack1975electric,
	title={Electric current flow in excitable cells},
	author={Jack, James Julian Bennett and Noble, Denis and Tsien, Richard W},
	year={1975},
	publisher={Clarendon Press Oxford}
}

@article{kandilarov2004immersed,
	title={The immersed interface method for a nonlinear chemical diffusion equation with local sites of reactions},
	author={Kandilarov, Juri D and Vulkov, Lubin G},
	journal={Numerical Algorithms},
	volume={36},
	number={4},
	pages={285--307},
	year={2004},
	publisher={Springer}
}

@article{kandilarov2007immersed,
	title={The immersed interface method for two-dimensional heat-diffusion equations with singular own sources},
	author={Kandilarov, Juri D and Vulkov, Lubin G},
	journal={Applied numerical mathematics},
	volume={57},
	number={5},
	pages={486--497},
	year={2007},
	publisher={Elsevier}
}

@article{leveque1994immersed,
	title={The immersed interface method for elliptic equations with discontinuous coefficients and singular sources},
	author={Leveque, Randall J and Li, Zhilin},
	journal={SIAM Journal on Numerical Analysis},
	volume={31},
	number={4},
	pages={1019--1044},
	year={1994},
	publisher={SIAM}
}

@article{li2016adi,
	title={A matched Peaceman-Rachford ADI method for solving
	parabolic interface problems},
	author={Li, Chuan and Zhao, Shan},
	journal={Journal of Applied Mathematics and Computation},
	year={2016}
}

@inproceedings{Iimayo1993,
	title={ADI methods for heat equations with discontinuous along an arbitrary interface},
	author={Li, Zhilin and Mayo, A},
	booktitle={Proceedings of Symposia in Applied Mathematics},
	volume={48},
	pages={311--315},
	year={1993}
}

@article{li2017matched,
	title={A matched Peaceman--Rachford ADI method for solving parabolic interface problems},
	author={Li, Chuan and Zhao, Shan},
	journal={Applied Mathematics and Computation},
	volume={299},
	pages={28--44},
	year={2017},
	publisher={Elsevier}
}

@inproceedings{li1999numerical,
	title={A numerical method for solving heat equations involving interfaces},
	author={Li, Zhilin and Shen, Yun-Qiu},
	booktitle={Electronic Journal of Differential Equations, Conf},
	volume={3},
	pages={100--108},
	year={1999},
	publisher={AMS}
}

@article{liu2013iim,
	title={IIM-based ADI finite difference scheme for nonlinear convection--diffusion equations with interfaces},
	author={Liu, Jiankang and Zheng, Zhoushun},
	journal={Applied Mathematical Modelling},
	volume={37},
	number={3},
	pages={1196--1207},
	year={2013},
	publisher={Elsevier}
}

@article{liu2014dimension,
	title={A dimension by dimension splitting immersed interface method for heat conduction equation with interfaces},
	author={Liu, Jiankang and Zheng, Zhoushun},
	journal={Journal of Computational and Applied Mathematics},
	volume={261},
	pages={221--231},
	year={2014},
	publisher={Elsevier}
}

@article{paeceman1955numerical,
	title={The numerical solution of parabolic and elliptic equations},
	author={Paeceman, D and Rachford, H},
	journal={J. Soc. indust. appl. Math},
	volume={3},
	pages={28--41},
	year={1955}
}

@article{pennes1948analysis,
	title={Analysis of tissue and arterial blood temperatures in the resting human forearm},
	author={Pennes, Harry H},
	journal={Journal of applied physiology},
	volume={1},
	number={2},
	pages={93--122},
	year={1948},
	publisher={Am Physiological Soc}
}

@article{sinha2005optimal,
	title={Optimal error estimates for linear parabolic problems with discontinuous coefficients},
	author={Sinha, Rajen Kumar and Deka, Bhupen},
	journal={SIAM journal on numerical analysis},
	volume={43},
	number={2},
	pages={733--749},
	year={2005},
	publisher={SIAM}
}

@article{sinha2009finite,
	title={Finite element methods for semilinear elliptic and parabolic interface problems},
	author={Sinha, Rajen K and Deka, Bhupen},
	journal={Applied Numerical Mathematics},
	volume={59},
	number={8},
	pages={1870--1883},
	year={2009},
	publisher={Elsevier}
}

@article{yu2007matched,
	title={Matched interface and boundary (MIB) method for elliptic problems with sharp-edged interfaces},
	author={Yu, Sining and Zhou, Yongcheng and Wei, Guo-Wei},
	journal={Journal of Computational Physics},
	volume={224},
	number={2},
	pages={729--756},
	year={2007},
	publisher={Elsevier}
}

@article{yu2007three,
	title={Three-dimensional matched interface and boundary (MIB) method for treating geometric singularities},
	author={Yu, Sining and Wei, GW},
	journal={Journal of Computational Physics},
	volume={227},
	number={1},
	pages={602--632},
	year={2007},
	publisher={Elsevier}
}

@article{wang2010embedded,
	title={An embedded boundary method for elliptic and parabolic problems with interfaces and application to multi-material systems with phase transitions},
	author={Wang, Shuqiang and Samulyak, Roman and Guo, Tongfei},
	journal={Acta Mathematica Scientia},
	volume={30},
	number={2},
	pages={499--521},
	year={2010},
	publisher={Elsevier}
}

@article{zhao2011pseudo,
	title={Pseudo-time-coupled nonlinear models for biomolecular surface representation and solvation analysis},
	author={Zhao, Shan},
	journal={International Journal for Numerical Methods in Biomedical Engineering},
	volume={27},
	number={12},
	pages={1964--1981},
	year={2011},
	publisher={Wiley Online Library}
}

@article{zhao2014operator,
	title={Operator splitting ADI schemes for pseudo-time coupled nonlinear solvation simulations},
	author={Zhao, Shan},
	journal={Journal of Computational Physics},
	volume={257},
	pages={1000--1021},
	year={2014},
	publisher={Elsevier}
}

@article{zhao2015matched,
	title={A matched alternating direction implicit (ADI) method for solving the heat equation with interfaces},
	author={Zhao, Shan},
	journal={Journal of Scientific Computing},
	volume={63},
	number={1},
	pages={118--137},
	year={2015},
	publisher={Springer}
}

@article{fedkiw1999non,
	title={A non-oscillatory Eulerian approach to interfaces in multimaterial flows (the ghost fluid method)},
	author={Fedkiw, Ronald P and Aslam, Tariq and Merriman, Barry and Osher, Stanley},
	journal={Journal of computational physics},
	volume={152},
	number={2},
	pages={457--492},
	year={1999},
	publisher={Elsevier}
}

@article{zhou2006high,
	title={High order matched interface and boundary method for elliptic equations with discontinuous coefficients and singular sources},
	author={Zhou, YC and Zhao, Shan and Feig, Michael and Wei, Guo-Wei},
	journal={Journal of Computational Physics},
	volume={213},
	number={1},
	pages={1--30},
	year={2006},
	publisher={Elsevier}
}

@article{yanenki1971lod,
	title={The method of fractional steps},
	author={N. Yanenko},
	journal={Springer-Verlag},
	year={1971},
	publisher={Springer-Verlag}
}

@article{hundsdorfer1998trapezoidal,
	title={Trapezoidal and midpoint splittings for initial-boundary value problems},
	author={Hundsdorfer, Willem},
	journal={Mathematics of Computation of the American Mathematical Society},
	volume={67},
	number={223},
	pages={1047--1062},
	year={1998}
}

@article{zhao2009matched,
	title={Matched interface and boundary (MIB) for the implementation of boundary conditions in high-order central finite differences},
	author={Zhao, Shan and Wei, GW},
	journal={International journal for numerical methods in engineering},
	volume={77},
	number={12},
	pages={1690--1730},
	year={2009},
	publisher={Wiley Online Library}
}

@article{douglas1955-1,
  title={On the numerical integration of $\frac{\partial^2 u}{\partial x^2} + \frac{\partial^2 u}{\partial y^2} = \frac{\partial u}{\partial t}$ by implicit methods},
  author={Douglas Jr, Jim},
  journal={SIAM Journal on Applied Mathematics},
  volume={3},
  number={1},
  pages={42},
  year={1955},
  publisher={Society for Industrial and Applied Mathematics}
}

@book{glowinski2017,
  title={Splitting Methods in Communication, Imaging, Science, and Engineering},
  author={Glowinski, Roland and Osher, Stanley J and Yin, Wotao},
  year={2017},
  publisher={Springer}
}

@book{hundsdorfer2013,
  title={Numerical solution of time-dependent advection-diffusion-reaction equations},
  author={Hundsdorfer, Willem and Verwer, Jan G},
  volume={33},
  year={2013},
  publisher={Springer Science \& Business Media}
}

@article{liu2000,
  title={A boundary condition capturing method for Poisson's equation on irregular domains},
  author={Liu, Xu-Dong and Fedkiw, Ronald P and Kang, Myungjoo},
  journal={Journal of computational Physics},
  volume={160},
  number={1},
  pages={151--178},
  year={2000},
  publisher={Elsevier}
}

@book{strikwerda2004,
  title={Finite difference schemes and partial differential equations},
  author={Strikwerda, John C},
  year={2004},
  publisher={SIAM}
}

@article{liu2017second,
  title={A Second Order Ghost Fluid Method for an Interface Problem of the Poisson Equation},
  author={Liu, Cheng and Hu, Changhong},
  journal={Communications in Computational Physics},
  volume={22},
  number={4},
  pages={965--996},
  year={2017},
  publisher={Cambridge University Press}
}

@article{wilson2014,
  title={Unconditionally stable time splitting methods for the electrostatic analysis of solvated biomolecules},
  author={Wilson, Leighton and Zhao, Shan},
  journal={arXiv preprint arXiv:1410.2788},
  year={2014}
}

@article{attanayake2011convergence,
  title={Convergence of an immersed finite element method for semilinear parabolic interface problems},
  author={Attanayake, Champike and Senaratne, Deepthika},
  journal={Appl. Math. Sci},
  volume={5},
  number={3},
  pages={135--147},
  year={2011}
}

@incollection{bouchon2010immersed,
  title={An immersed interface technique for the numerical solution of the heat equation on a moving domain},
  author={Bouchon, Fran{\c{c}}ois and Peichl, Gunther H},
  booktitle={Numerical Mathematics and Advanced Applications 2009},
  pages={181--189},
  year={2010},
  publisher={Springer}
}

@article{bouchon2010immersed2,
  title={The immersed interface technique for parabolic problems with mixed boundary conditions},
  author={Bouchon, Fran{\c{c}}ois and Peichl, Gunther H},
  journal={SIAM Journal on Numerical Analysis},
  volume={48},
  number={6},
  pages={2247--2266},
  year={2010},
  publisher={SIAM}
}

@article{chen1998finite,
  title={Finite element methods and their convergence for elliptic and parabolic interface problems},
  author={Chen, Zhiming and Zou, Jun},
  journal={Numerische Mathematik},
  volume={79},
  number={2},
  pages={175--202},
  year={1998},
  publisher={Springer}
}

@article{douglas1955numerical2,
  title={Numerical solution of two-dimensional heat-flow problems},
  author={Douglas, Jim and Peaceman, DW},
  journal={AIChE Journal},
  volume={1},
  number={4},
  pages={505--512},
  year={1955},
  publisher={Wiley Online Library}
}

@article{zhao2004high,
  title={High-order FDTD methods via derivative matching for Maxwell's equations with material interfaces},
  author={Zhao, Shan and Wei, GW},
  journal={Journal of Computational Physics},
  volume={200},
  number={1},
  pages={60--103},
  year={2004},
  publisher={Elsevier}
}

@article{wei2018spatially,
	title={A spatially second order alternating direction implicit (ADI) method for solving three dimensional parabolic interface problems},
	author={Wei, Zhihan and Li, Chuan and Zhao, Shan},
	journal={Computers \& Mathematics with Applications},
	volume={75},
	number={6},
	pages={2173--2192},
	year={2018},
	publisher={Elsevier}
}

@article{nguyen2016second,
	title={A second order dispersive FDTD algorithm for transverse electric Maxwell’s equations with complex interfaces},
	author={Nguyen, Duc Duy and Zhao, Shan},
	journal={Computers \& Mathematics with Applications},
	volume={71},
	number={4},
	pages={1010--1035},
	year={2016},
	publisher={Elsevier}
}

@article{civalek2007nonlinear,
	title={Nonlinear analysis of thin rectangular plates on Winkler--Pasternak elastic foundations by DSC--HDQ methods},
	author={Civalek, {\"O}mer},
	journal={Applied Mathematical Modelling},
	volume={31},
	number={3},
	pages={606--624},
	year={2007},
	publisher={Elsevier}
}

@book{li2006immersed,
	title={The immersed interface method: numerical solutions of PDEs involving interfaces and irregular domains},
	author={Li, Zhilin and Ito, Kazufumi},
	volume={33},
	year={2006},
	publisher={Siam}
}

@article{lu2008recent,
	title={Recent progress in numerical methods for the Poisson-Boltzmann equation in biophysical applications},
	author={Lu, BZ and Zhou, YC and Holst, MJ and McCammon, JA},
	journal={Commun Comput Phys},
	volume={3},
	number={5},
	pages={973--1009},
	year={2008}
}

@article{geng2007treatment,
	title={Treatment of charge singularities in implicit solvent models},
	author={Geng, Weihua and Yu, Sining and Wei, Guowei},
	journal={The Journal of chemical physics},
	volume={127},
	number={11},
	pages={114106},
	year={2007},
	publisher={AIP}
}

@article{chen2011mibpb,
	title={MIBPB: a software package for electrostatic analysis},
	author={Chen, Duan and Chen, Zhan and Chen, Changjun and Geng, Weihua and Wei, Guo-Wei},
	journal={Journal of computational chemistry},
	volume={32},
	number={4},
	pages={756--770},
	year={2011},
	publisher={Wiley Online Library}
}

@article{zhou2008highly,
	title={Highly accurate biomolecular electrostatics in continuum dielectric environments},
	author={Zhou, YC and Feig, Michael and Wei, Guo-Wei},
	journal={Journal of Computational Chemistry},
	volume={29},
	number={1},
	pages={87--97},
	year={2008},
	publisher={Wiley Online Library}
}

@article{zhao2005dsc,
	title={DSC analysis of free-edged beams by an iteratively matched boundary method},
	author={Zhao, Shan and Wei, GW and Xiang, Yang},
	journal={Journal of Sound and Vibration},
	volume={284},
	number={1-2},
	pages={487--493},
	year={2005},
	publisher={Elsevier}
}

@article{zheng2011poisson,
	title={Poisson--Boltzmann--Nernst--Planck model},
	author={Zheng, Qiong and Wei, Guo-Wei},
	journal={The Journal of chemical physics},
	volume={134},
	number={19},
	pages={194101},
	year={2011},
	publisher={AIP}
}

@article{wei2010differential,
	title={Differential geometry based multiscale models},
	author={Wei, Guo-Wei},
	journal={Bulletin of mathematical biology},
	volume={72},
	number={6},
	pages={1562--1622},
	year={2010},
	publisher={Springer}
}

@article{tian2018fast,
	title={A fast ADI algorithm for nonlinear Poisson equation in heterogeneous dielectric media},
	author={Tian, Wufeng},
	journal={arXiv preprint arXiv:1801.04999},
	year={2018}
}

@article{gong2008immersed,
	title={Immersed-interface finite-element methods for elliptic interface problems with nonhomogeneous jump conditions},
	author={Gong, Yan and Li, Bo and Li, Zhilin},
	journal={SIAM Journal on Numerical Analysis},
	volume={46},
	number={1},
	pages={472--495},
	year={2008},
	publisher={SIAM}
}

@article{chu2010new,
	title={A new multiscale finite element method for high-contrast elliptic interface problems},
	author={Chu, C-C and Graham, Ivan and Hou, T-Y},
	journal={Mathematics of Computation},
	volume={79},
	number={272},
	pages={1915--1955},
	year={2010}
}

@article{zhou2006fictitious,
	title={On the fictitious-domain and interpolation formulations of the matched interface and boundary (MIB) method},
	author={Zhou, YC and Wei, Guo-Wei},
	journal={Journal of Computational Physics},
	volume={219},
	number={1},
	pages={228--246},
	year={2006},
	publisher={Elsevier}
}

@article{berthelsen2004decomposed,
	title={A decomposed immersed interface method for variable coefficient elliptic equations with non-smooth and discontinuous solutions},
	author={Berthelsen, Petter Andreas},
	journal={Journal of Computational Physics},
	volume={197},
	number={1},
	pages={364--386},
	year={2004},
	publisher={Elsevier}
}

@article{chern2007coupling,
	title={A coupling interface method for elliptic interface problems},
	author={Chern, I-Liang and Shu, Yu-Chen},
	journal={Journal of Computational Physics},
	volume={225},
	number={2},
	pages={2138--2174},
	year={2007},
	publisher={Elsevier}
}

@article{haller2009maximal,
	title={Maximal parabolic regularity for divergence operators including mixed boundary conditions},
	author={Haller-Dintelmann, Robert and Rehberg, Joachim},
	journal={arXiv preprint arXiv:0903.0239},
	year={2009}
}

@article{duan2008shape,
	title={Shape-topology optimization for Navier--Stokes problem using variational level set method},
	author={Duan, Xian-Bao and Ma, Yi-Chen and Zhang, Rui},
	journal={Journal of computational and applied mathematics},
	volume={222},
	number={2},
	pages={487--499},
	year={2008},
	publisher={Elsevier}
}

@article{haller2008elliptic,
	title={Elliptic model problems including mixed boundary conditions and material heterogeneities},
	author={Haller-Dintelmann, Robert and Kaiser, Hans-Christoph and Rehberg, Joachim},
	journal={Journal de math{\'e}matiques pures et appliqu{\'e}es},
	volume={89},
	number={1},
	pages={25--48},
	year={2008},
	publisher={Elsevier Masson}
}

@article{zhong2007new,
	title={A new high-order immersed interface method for solving elliptic equations with imbedded interface of discontinuity},
	author={Zhong, Xiaolin},
	journal={Journal of Computational Physics},
	volume={225},
	number={1},
	pages={1066--1099},
	year={2007},
	publisher={Elsevier}
}

@article{preusser20113d,
	title={3D composite finite elements for elliptic boundary value problems with discontinuous coefficients},
	author={Preusser, Tobias and Rumpf, Martin and Sauter, Stefan and Schwen, Lars Ole},
	journal={SIAM Journal on Scientific Computing},
	volume={33},
	number={5},
	pages={2115--2143},
	year={2011},
	publisher={SIAM}
}

@inproceedings{preusser2007finite,
	title={Finite element simulation of bone microstructures},
	author={Preusser, Tobias and Rumpf, Martin and Schwen, Lars Ole},
	booktitle={Proceedings of the 14th Workshop on the Finite Element Method in Biomedical Engineering, Biomechanics and Related Fields},
	pages={52--66},
	year={2007},
	organization={University of Ulm}
}

@article{wan2004boundary,
	title={A Boundary Condition--Capturing Multigrid Approach to Irregular Boundary Problems},
	author={Wan, Justin WL and Liu, Xu-Dong},
	journal={SIAM Journal on Scientific Computing},
	volume={25},
	number={6},
	pages={1982--2003},
	year={2004},
	publisher={SIAM}
}

@article{albright2015high,
	title={High-order accurate difference potentials methods for parabolic problems},
	author={Albright, Jason and Epshteyn, Yekaterina and Steffen, Kyle R},
	journal={Applied Numerical Mathematics},
	volume={93},
	pages={87--106},
	year={2015},
	publisher={Elsevier}
}

@article{peterson2012simulation,
	title={Simulation of spreading surfactant on a thin liquid film},
	author={Peterson, Ellen R and Shearer, Michael},
	journal={Applied Mathematics and Computation},
	volume={218},
	number={9},
	pages={5157--5167},
	year={2012},
	publisher={Elsevier}
}

@article{adams2005comparison,
	title={A comparison of algebraic multigrid and geometric immersed interface multigrid methods for interface problems},
	author={Adams, Loyce and Chartier, Timothy P},
	journal={SIAM Journal on Scientific Computing},
	volume={26},
	number={3},
	pages={762--784},
	year={2005},
	publisher={SIAM}
}

@article{xia2011mib,
	title={MIB method for elliptic equations with multi-material interfaces},
	author={Xia, Kelin and Zhan, Meng and Wei, Guo-Wei},
	journal={Journal of computational physics},
	volume={230},
	number={12},
	pages={4588--4615},
	year={2011},
	publisher={Elsevier}
}

@article{xia2014galerkin,
	title={A Galerkin formulation of the MIB method for three dimensional elliptic interface problems},
	author={Xia, Kelin and Wei, Guo-Wei},
	journal={Computers \& Mathematics with Applications},
	volume={68},
	number={7},
	pages={719--745},
	year={2014},
	publisher={Elsevier}
}

@inproceedings{zhong2006new,
	title={A New High-Order Immersed Interface Method for Multi-Phase Flow Simulation},
	author={Zhong, Xiaolin},
	booktitle={44th AIAA Aerospace Sciences Meeting and Exhibit},
	pages={1294},
	year={2006}
}

@article{klapper2007large,
	title={A large jump asymptotic framework for solving elliptic and parabolic equations with interfaces and strong coefficient discontinuities},
	author={Klapper, Isaac and Shaw, T},
	journal={Applied numerical mathematics},
	volume={57},
	number={5},
	pages={657--671},
	year={2007},
	publisher={Amsterdam [Netherlands]: North-Holland, c1985-}
}

@article{li2003generalized,
	title={Generalized Snell's Law for Weighted Minimal Surface in Heterogeneous Media},
	author={Li, Zhilin and Lin, Xiaobiao and Torres, Monica and Zhao, Hongkai and others},
	journal={Methods and Applications of Analysis},
	volume={10},
	number={2},
	pages={199--214},
	year={2003},
	publisher={International Press of Boston}
}

@article{zhao2015stat3,
	title={STAT3 genetic variant, alone and in combination with STAT5b polymorphism, contributes to breast cancer risk and clinical outcomes},
	author={Zhao, Haishan and Wang, Zhe and Wu, Huizhe and Xiao, Qinghuan and Yao, Weifan and Wang, Enhua and Liu, Yong and Wei, Minjie},
	journal={Medical Oncology},
	volume={32},
	number={1},
	pages={375},
	year={2015},
	publisher={Springer}
}

@article{chen2011differential,
	title={Differential geometry based solvation model II: Lagrangian formulation},
	author={Chen, Zhan and Baker, Nathan A and Wei, Guo-Wei},
	journal={Journal of mathematical biology},
	volume={63},
	number={6},
	pages={1139--1200},
	year={2011},
	publisher={Springer}
}
